2907 4057
1381 276 1409 321 5

355 411 593 458 ste-(titione
625 417 759 457 mota
788 407 973 458 vellent
993 408 1197 458 Graecis
1226 425 1372 477 opem
1405 407 1537 457 ferre
1568 408 1661 475 (¹),
1697 407 1912 459 Pindaro
1942 403 2247 475 displicuisse
2280 401 2446 453 civiles

358 501 525 549 turbas
549 499 665 548 inde
688 508 841 555 natas,
880 499 1066 566 quibus
1090 518 1154 549 ne
1176 500 1373 548 adiutae
1396 499 1600 567 quidem
1623 496 1936 549 Graecorum
1958 496 2117 548 essent
2139 514 2241 546 res:
2280 513 2447 562 neque

353 606 474 639 *vero
489 626 501 646 ,
539 591 579 638 si
612 589 944 639 concordibus
976 591 1150 640 animis
1181 589 1372 640 bellum
1405 588 1638 639 adversus
1669 589 1843 638 Medos
1876 594 2045 655 gerere
2077 589 2447 638 constituissent

354 678 600 734 Thebani,
637 679 695 728 id·
711 679 794 729 ille
816 683 1186 748 vituperaturus
1209 689 1332 737 erat,
1365 682 1455 747 qui
1478 679 1631 747 paulo
1653 688 1769 748 post
1790 679 1853 727 ab
1875 678 1971 738 his,
1999 679 2261 727 Persarum
2283 694 2447 743 nuper

355 772 518 822 sociis,
544 773 755 838 pecunia
780 770 1035 828 multatus,
1062 771 1125 819 ab
1142 770 1528 821 Atheniensibus
1549 780 1717 821 autem
1739 768 1991 820 beneficiis
2013 769 2218 818 affectus
2244 748 2445 834 insigui-

355 861 448 909 bus
483 871 571 917 est,
609 861 748 928 quod
782 860 1018 917 Athenas,
1064 878 1280 929 quarum
1314 860 1529 910 consiliis
1561 870 1612 909 et
1643 862 1798 929 copiis
1830 862 2074 908 maximae
2104 876 2181 907 res
2213 857 2444 906 adversus

356 951 520 1001 Persas
550 961 709 1019 gestae
741 960 899 1006 erant,
937 951 1178 1002 Graeciae
1209 951 1398 1000 dixerat
1427 950 1579 1000 decus
1610 960 1661 999 et
1683 951 1913 999 columen
1940 969 2059 999 esse.
2111 951 2276 1016 Igitur
2298 959 2443 1015 poeta

354 1059 623 1109 generosus
641 1059 749 1091 *non
771 1040 915 1099 illud,
952 1043 1090 1111 quod
1121 1042 1522 1110 significavimus,
1559 1041 1750 1091 bellum
1779 1042 2023 1098 dissuasit,
2060 1043 2100 1090 si
2125 1040 2274 1089 modo
2299 1040 2348 1087 id
2373 1042 2442 1098 cie
2516 1057 2520 1060 ·

352 1151 436 1182 ves
460 1150 704 1183 consensu
727 1131 913 1182 vellent
945 1135 1068 1196 (non
1091 1142 1257 1183 autem
1279 1132 1495 1183 voluisse
1526 1135 1639 1183 satis
1664 1136 1903 1198 constat);
1939 1130 2024 1183 s'ed
2048 1131 2336 1180 domesticas
2361 1130 2443 1178 de-

352 1232 557 1274 testatus
579 1232 654 1275 est
675 1222 966 1274 discordias:
991 1241 1086 1275 nec
1107 1242 1223 1274 sane
1245 1223 1369 1274 savit
1386 1223 1704 1274 turbulentae
1720 1222 1880 1292 plebis
1894 1224 2143 1293 potentiae
2160 1223 2440 1290 impotenti,

354 1316 437 1364 sed
461 1317 740 1382 sapientum
762 1316 973 1382 imperio
996 1315 1086 1381 (2),
1124 1316 1382 1382 iustaeque
1403 1314 1619 1364 libertati
1644 1317 1850 1364 minime
1873 1314 2115 1370 infensus,
2153 1322 2316 1361 tamen
2340 1331 2443 1361 ma·

352 1405 533 1454 nisesto
558 1406 766 1455 civitatis
790 1404 920 1454 malo
943 1414 1083 1454 natos
1103 1407 1235 1454 <ix-os
1259 1405 1512 1460 iudicavit,
1533 1406 1829 1472 quicunque
1846 1405 1998 1452 nimia
2015 1402 2287 1452 ambitione
2302 1402 2441 1468 vulgi

352 1504 644 1562 quaerentes
676 1498 880 1561 gratiam
912 1494 1136 1545 seditioni
1171 1502 1222 1544 et
1250 1494 1402 1544 rebus
1430 1497 1573 1545 novis
1603 1493 1860 1545 studerent
1892 1491 2026 1559 (ἄγαν
2054 1491 2300 1557 φιλοτιμίαν
2328 1487 2442 1549 μνώ-

355 1603 468 1640 μενοι
491 1586 531 1632 ἓν
558 1580 734 1633 πόλεσιν
760 1581 917 1656 ἄνδρες,
946 1581 1086 1644 ἄλγος
1109 1582 1314 1652 ἐμφανές)
1331 1584 1421 1651 (3).
1460 1585 1523 1633 Et
1546 1583 1775 1653 profecto
1798 1592 1981 1652 quanta
2008 1582 2287 1632 civitatibus
2312 1583 2442 1631 bona

352 1676 523 1724 all'erat
553 1674 882 1742 tranquillitas
912 1675 1134 1744 publica,
1171 1684 1379 1743 quantas
1411 1675 1703 1724 calamitates
1727 1676 1923 1732 seditio,
1962 1677 2133 1743 paucis
2155 1676 2334 1723 eximie
2357 1673 2439 1721 de-

353 1764 557 1814 claravit
572 1774 736 1832 poeta.
757 1773 909 1831 quem
927 1764 1184 1832 probabile
1202 1774 1276 1814 est
1291 1784 1318 1814 a
1336 1765 1573 1815 seditione
1590 1766 1750 1833 probe
1771 1765 2048 1815 distinxisse
2069 1765 2338 1831 legitimam
2361 1782 2437 1811 re-

353 1863 458 1904 ctae
491 1854 729 1903 libertatis
761 1854 1162 1912 vindicationem,
1198 1855 1486 1923 principum
1508 1873 1666 1921 aeque
1688 1873 1746 1904 ac
1768 1853 2074 1923 populorum
2100 1853 2439 1902 consulentem

351 1944 514 1994 saluti.
540 1943 911 2011 Tranquillitati
930 1946 1063 1992 enim
1081 1943 1237 1993 hilare
1264 1954 1313 1992 et
1330 1945 1610 1993 iucundum
1625 1940 1812 1993 ‘tribuit
1832 1943 2005 1993 lumen
2028 1962 2086 1993 ac
2110 1945 2435 1999 serenitatem,

351 2052 510 2103 quum
544 2033 713 2083 civiles
745 2034 921 2084 turbae
953 2036 1143 2084 animos
1176 2052 1413 2084 curarum
1445 2033 1744 2084 obnubilent
1774 2034 2010 2090 tenebris,
2048 2033 2187 2101 quod
2217 2036 2438 2083 saevissi-

352 2143 455 2174 mas
487 2126 659 2174 afferre
692 2134 1000 2193 tempestates
1031 2136 1079 2174 et
1110 2125 1350 2194 procellas
1380 2124 1565 2183 solent;
1603 2120 1883 2196 μεγαλάνορα
1902 2134 2065 2181 vocat,
2103 2125 2240 2192 quod
2266 2135 2316 2173 et
2339 2128 2437 2174 sin-

350 2215 583 2282 gulorum
605 2216 869 2271 fortunas,
907 2217 1210 2274 beatitatem,
1247 2217 1509 2274 virtutem,
1547 2231 1594 2265 et
1627 2214 2114 2285 rerumpublicarum
2144 2234 2288 2284 opes,
2328 2235 2438 2264 mu-

351 2323 536 2374 tuaque
570 2308 918 2374 imperantium
953 2324 1010 2356 ac
1041 2308 1324 2374 parentium
1354 2308 1571 2363 caritate,
1609 2308 1891 2366 concordia,
1929 2307 2041 2366 fide,
2080 2307 2259 2356 fiducia
2292 2310 2434 2356 etiam

351 2398 510 2455 robur
531 2412 692 2461 auget.
745 2398 821 2446 De
852 2396 1089 2448 seditione
1118 2411 1286 2446 autem
1318 2397 1441 2465 quid
1465 2398 1660 2446 censet?
1704 2397 1920 2447 Pet-vidit
1940 2398 2156 2466 pridem,
2183 2399 2321 2465 quod
2346 2416 2436 2447 no-

349 2503 446 2537 stra
480 2488 772 2555 comprobat
803 2501 950 2546 aetas,
987 2489 1208 2553 egestatis
1238 2489 1378 2537 istam
1401 2506 1505 2537 esse
1527 2503 1781 2538 auctorem
1804 2503 2131 2555 matremque,
2167 2508 2297 2555 quae
2317 2489 2435 2536 diri·

349 2580 455 2646 piat
482 2578 612 2626 bona
645 2578 1020 2644 opulentorum,
1057 2577 1315 2626 exhauriat
1344 2577 1568 2646 publicas
1598 2581 1912 2646 privatasque
1936 2581 2118 2646 copias,
2159 2581 2434 2646 intercipiat

351 2670 664 2723 commercia,
704 2670 922 2736 inopiam
954 2683 1186 2737 quaestus
1215 2668 1423 2718 adducat
1455 2682 1501 2717 et
1534 2684 1752 2718 cessante
1773 2684 1980 2737 quaestu
2004 2673 2284 2737 penuriam.
2323 2670 2432 2718 vul-

348 2778 438 2828 gus
463 2779 488 2807 a
514 2758 669 2809 solitis
693 2760 784 2809 sihi
808 2761 1017 2827 negotiis
1040 2774 1300 2809 avocatum
1323 2778 1413 2828 per
1435 2760 1714 2826 neglectum
1738 2762 1806 2808 rei
1832 2759 2085 2808 familiaris
2110 2760 2249 2809 malis
2268 2780 2432 2811 assue-

347 2852 494 2902 faciat
516 2851 723 2911 artibus,
761 2853 964 2920 rapinis,
1001 2849 1428 2920 populationibus.
1467 2850 1565 2902 Sed
1590 2850 1728 2919 quod
1752 2865 1918 2901 nostra
1944 2851 2020 2901 vel
2044 2854 2257 2902 maxime
2282 2854 2431 2902 inter-

347 2958 437 2998 est,
476 2944 725 2991 inimicam
757 2944 900 2992 istam
932 2955 982 2991 et
1011 2943 1215 2992 invisam
1249 2943 1518 2993 iuventutis
1540 2943 1787 2991 nutricem
1811 2958 1969 2993 vocat.
2026 2944 2153 2991 Nam
2187 2962 2347 3010 quum
2379 2947 2429 2992 in

354 3067 1080 3078 *αι-*Μ
1094 3072 1148 3076 --n-
1160 3073 1344 3077 ᾼ»-,...-γ-.-.,-
1625 3073 1890 3078 *Q—

455 3148 512 3200 (¹)
540 3149 604 3187 Cf.
624 3144 841 3202 Explicatt.
856 3146 906 3187 ad
919 3146 1041 3187 Pind.
1054 3145 1207 3203 p.340.
1266 3147 1322 3201 (²)
1351 3146 1462 3187 Hinc
1483 3145 1589 3187 illud
1608 3147 1734 3202 Pyth.
1750 3148 1800 3195 11,
1816 3149 1882 3189 87.
1912 3143 2098 3200 χῶπέταν
2117 3148 2135 3188 ὁ
2154 3143 2304 3205 λα’ἒξος
2320 3166 2431 3205 erfa-

345 3211 426 3259 τός,
454 3207 589 3265 χῶταν
613 3208 720 3251 πόλιν
744 3215 776 3251 οἱ
797 3208 908 3262 σοφοὶ
931 3209 1111 3269 τνρέωιντι.
1167 3213 1228 3268 (³)
1261 3215 1480 3268 Fragm0p0
1492 3213 1587 3255 670.
