2907 4057
1385 268 1416 310 4

349 394 611 463 probabile
631 397 813 455 visum,
849 393 1004 465 paulo
1034 406 1150 466 post
1178 414 1283 448 esse
1315 399 1658 466 turpissimum
1689 406 1741 449 et
1768 399 2242 469 perniciosissimum
2275 400 2449 448 inven-

351 496 479 535 tum.
533 487 635 535 Pax
665 489 819 543 enim,
857 490 1043 556 inquit,
1079 491 1212 538 iusto
1243 498 1294 538 et
1322 488 1504 538 decoro
1534 490 1799 539 coniuncta
1828 488 2229 558 pulcherrimum
2257 489 2450 539 bonum

353 584 427 624 est
456 584 507 624 et
534 575 876 638 utilissimum,
914 596 1033 628 cum
1064 580 1254 646 ignavia
1277 597 1398 628 vero
1422 587 1471 627 et
1492 580 1733 628 servitute
1755 579 1992 645 probrosa
2015 582 2244 631 omnium
2265 580 2449 647 turpis·—

353 665 537 715 simum
561 677 611 716 et
632 666 1081 718 damnosissimum.

503 757 641 808 Haec
663 758 860 827 Polybii
883 760 1142 815 sententia,
1170 760 1260 809 etsi
1283 758 1427 810 nullo
1456 776 1561 810 non
1586 768 1811 828 tempore
1832 776 1949 810 vera
1971 761 2172 810 inventa
2194 769 2286 817 est,
2313 777 2453 810 nunc

356 865 461 897 non
493 847 560 897 ob
590 867 641 897 se
671 851 827 917 ipsam
851 867 878 896 a
900 848 1047 899 nobis
1070 852 1325 918 proposita
1349 860 1439 907 est,
1479 849 1563 901 sed
1593 860 1652 900 ut
1680 848 1741 900 de
1771 867 1905 900 nexu
1936 859 2183 901 constaret
2211 848 2330 906 loci,
2369 853 2449 900 cui

354 936 599 987 Pindarici
623 956 796 988 versus
819 939 995 989 intexti
1019 948 1155 991 sunt.
1199 940 1405 1009 Quippe
1427 942 1621 991 mireris
1644 939 1768 1008 quid
1791 942 1873 1000 sit,
1899 939 2036 1009 quod
2061 938 2300 1011 Polybius
2321 940 2454 990 dicat

354 1047 382 1075 a
405 1028 619 1079 Pindaro
643 1030 911 1081 Thebanos
941 1031 1030 1080 illo
1060 1033 1278 1081 carmine
1307 1032 1567 1081 deterritos
1597 1050 1719 1088 esse,
1757 1049 1822 1082 ne
1844 1032 2078 1082 adversus
2099 1031 2277 1083 Medos
2298 1031 2452 1082 bella-

356 1128 487 1179 rent,
526 1139 689 1189 quum
718 1140 909 1180 versus,
947 1140 1076 1190 quos
1106 1124 1298 1180 recitat,
1335 1122 1463 1171 nihil
1492 1125 1779 1173 contineant
1801 1124 1895 1172 nisi
1919 1125 2263 1173 intestinarum
2283 1124 2454 1172 turba-

358 1229 473 1260 rum
505 1212 942 1281 reprehensionem
974 1223 1024 1263 et
1055 1214 1450 1264 cohortationem
1478 1215 1540 1262 ad
1570 1216 1790 1283 quietem
1821 1217 2256 1283 compositumque
2286 1217 2455 1283 reipu-

356 1300 517 1351 blicae
539 1311 747 1352 statum:
786 1322 902 1352 nam
926 1303 1281 1370 Tranquillitas
1304 1301 1565 1370 (Ἡσυχία),
1583 1350 1587 1354 ,
1605 1321 1755 1371 quam
1789 1304 2121 1362 commendat,
2158 1307 2371 1353 maxime
2393 1305 2456 1351 ad

358 1389 626 1442 domestica
649 1394 888 1462 pertinet;
927 1392 1046 1442 huic
1076 1395 1168 1462 qui
1198 1395 1249 1441 in
1282 1391 1540 1461 republica
1564 1393 1774 1452 studeat,
1813 1396 1853 1443 is
1876 1403 2052 1461 poetae
2074 1395 2283 1463 sapienti
2307 1395 2456 1444 unice

358 1482 621 1549 probatur.
676 1484 759 1533 Sic
792 1484 1104 1533 Psaumidem
1131 1483 1508 1534 Camarinaeum
1537 1484 1730 1539 laudat,
1767 1484 1907 1550 quod
1936 1484 1995 1532 ad
2026 1485 2070 1532 T
2074 1484 2457 1552 ranquillitatem

361 1574 639 1623 civitatium
671 1583 917 1624 amantem
949 1593 1075 1643 pura
1108 1593 1377 1625 conversus
1409 1583 1575 1624 mente
1607 1576 1671 1625 sit
1704 1570 1836 1646 (vt-3220
1865 1571 2083 1636 ‘Aww'av
2119 1570 2344 1640 φιλόπολιν
2375 1595 2457 1623 κα·

360 1662 491 1734 Sag&
514 1660 673 1726 γνώμᾳ
700 1660 1007 1734 τετραμμένον)
1033 1664 1133 1730 (¹);
1171 1666 1382 1714 Hieroni
1407 1665 1673 1733 Syracusio
1697 1673 1854 1732 optat,
1892 1672 1951 1713 ut
1978 1666 2022 1713 ei
2053 1682 2170 1714 cum
2201 1663 2306 1715 filio
2338 1684 2457 1715 con·

359 1755 516 1821 tingat
547 1753 798 1825 populum
816 1792 828 1813 ‚
865 1754 988 1803 dum
1019 1772 1136 1803 eum
1168 1753 1361 1813 foveat,
1398 1755 1460 1802 ad
1493 1754 1793 1804 concordem
1826 1763 2019 1803 vertere
2049 1754 2457 1822 tranquillitatem

360 1841 521 1908 (δᾶμον
560 1842 765 1915 «γεραίρων
802 1840 957 1915 τράποι
995 1839 1228 1908 σύμφωνεν
1265 1846 1337 1907 ἐφ’
1363 1842 1585 1909 ἀτυχίαν)
1620 1844 1717 1910 (2):
1768 1844 1857 1892 ubi
1895 1844 2157 1894 manifesto
2191 1844 2459 1895 domestica

362 1934 671 2005 significatur
701 1936 868 2003 quies:
906 1952 1106 2003 prorsus
1138 1944 1196 1982 ut
1227 1933 1365 1988 alibi,
1407 1934 1501 2002 ubi,
1525 1932 1884 2000 Damophilum
1913 1933 2229 2002 Cyrenaeum
2260 1933 2457 1985 exulem

363 2026 481 2076 dicit
504 2044 707 2094 cupere,
744 2034 804 2075 ut
827 2025 961 2075 domi
994 2026 1125 2074 inter
1150 2026 1299 2080 cives,
1338 2033 1505 2093 pacata
1537 2026 1630 2073 iam
1664 2025 1836 2091 patria,
1873 2022 2075 2080 fruatur
2100 2022 2459 2092 tranquillitate

361 2115 561 2183 (ἀτυχίᾳ
581 2112 792 2183 θιγέμεν)
814 2117 905 2183 (³).
962 2115 1146 2165 Eadem
1174 2114 1549 2182 Tranquillitas,
1589 2116 1811 2164 Iustitiae
1844 2112 1943 2163 filia
1976 2114 2128 2165 urbes
2159 2116 2339 2164 eximie
2370 2134 2459 2165 au·

363 2228 502 2277 gens,
534 2209 675 2277 quod
706 2208 768 2256 ab
800 2207 888 2257 illo
919 2208 1100 2256 dicitur
1130 2206 1459 2257 conciliorum
1491 2216 1540 2254 ct
1572 2204 1816 2254 bellorum
1851 2215 2021 2254 tenere
2051 2204 2211 2256 claves
2241 2225 2457 2258 summas

363 2296 814 2372 (Φιλᾶφρονᾋσυχῖα,
828 2296 967 2347 Δι’κιις
984 2293 1017 2345 (ἶ
1029 2292 1329 2355 θεμιστόπολι
1346 2292 1565 2368 θύγατερ,
1582 2291 1752 2361 Βςυὶ.ιῖν
1772 2316 1818 2343 τε
1838 2295 1909 2344 καὶ
1927 2293 2124 2355 πολέμων
2142 2294 2304 2356 ἔχοισα
2323 2287 2460 2345 κλαῖ’·

364 2390 440 2442 δας
462 2386 727 2463 ὑπερτάτας)
752 2391 843 2455 (4),
883 2389 931 2455 id
957 2399 1005 2437 et
1028 2391 1192 2456 ipsum
1214 2388 1276 2452 *ad
1301 2387 1617 2437 domesticam
1642 2388 1953 2455 potissimum
1978 2388 2196 2455 quietem
2221 2387 2457 2446 retertur,

366 2482 719 2549 bellorumque
752 2498 868 2530 cum
902 2481 1080 2528 exteris
1115 2478 1448 2544 gerendorum
1482 2486 1672 2526 tantum
1710 2485 1910 2538 catenus
1939 2475 2180 2545 clavigera
2207 2487 2281 2528 est
2302 2480 2460 2528 Tran-

365 2574 610 2641 quillitas,
650 2581 896 2639 quatenus
927 2572 1125 2637 iniquos
1156 2571 1428 2638 reprimere
1458 2570 1700 2637 impetus,
1737 2568 1918 2636 punire
1948 2568 2238 2637 improbum
2267 2586 2461 2637 aggres-

367 2684 529 2715 sorem
562 2665 773 2718 emissis,
822 2681 944 2730 quas
978 2660 1314 2715 concluserat,
1361 2659 1550 2709 bellicis
1583 2659 1873 2710 cohortibus
1907 2668 2137 2728 putatur:
2185 2661 2251 2709 ita
2287 2669 2346 2709 ut
2378 2658 2461 2710 illa

367 2758 499 2807 bello
524 2754 838 2824 suscipiendo
870 2773 933 2802 nc
964 2752 1094 2802 obsit
1121 2752 1325 2821 quidem
1358 2752 1448 2801 nisi
1483 2752 1676 2818 iniquo.
1724 2749 2047 2818 Quapropter
2068 2749 2311 2802 Pindarus
2341 2750 2456 2808 illis,
2537 2751 2540 2753 ’

368 2868 496 2917 quae
519 2847 761 2916 Polybius
784 2848 1033 2914 apposuit,
1072 2845 1236 2893 verbis
1259 2863 1363 2893 non
1386 2843 1679 2892 iudicandus
1703 2852 1776 2892 est
1795 2841 2062 2892 Thebanos
2083 2859 2111 2890 a
2132 2841 2267 2893 bello
2288 2842 2461 2893 adver-

368 2959 449 2991 sus
473 2938 650 2989 Medos
680 2936 896 3005 gerendo
928 2953 1160 2985 revocare
1188 2934 1428 2984 voluisse:
1467 2933 1565 2983 hoc
1595 2951 1756 2982 unum
1789 2934 2106 2991 concesseris,
2144 2952 2305 3001 quum
2330 2934 2461 3002 opti-

367 3041 519 3080 mates
550 3037 663 3078 ante
694 3046 912 3096 pugnam
936 3026 1195 3076 Plataicam
1230 3034 1456 3074 tenerent
1475 3023 1670 3072 Thebas
1700 3033 1748 3071 et
1772 3023 1995 3072 faverent
2016 3023 2197 3077 Medis,
2235 3022 2316 3072 alii
2340 3041 2461 3073 vero

480 3214 534 3267 (¹)
566 3213 734 3267 Olyinp.
752 3214 822 3259 lv,
846 3211 907 3250 16.
970 3209 1025 3263 (²)
1060 3209 1179 3265 Pyth.
1199 3213 1227 3255 i,
1247 3210 1314 3249 ΤΟ.
1376 3207 1432 3262 (²)
1466 3208 1586 3260 Pyth.
1606 3208 1673 3254 lv,
1692 3207 1786 3248 296.
1847 3206 1905 3259 (⁴)
1937 3205 2287 3260 Pyth.V111.init.
