3154 4030
830 580 1412 642 UNIVERSITATIS
1452 580 1955 639 LITTERARIAE

1037 707 1379 752 amm-:motta
1407 705 1741 753 GutLELMAE

659 751 2114 899 RECTORETSENATUS.

340 1085 635 1216 ‘Elybius‚
663 1145 1063 1212 diligentissimus
1087 1155 1136 1194 et
1159 1147 1569 1215 prudentissimus
1591 1163 1760 1196 rerum
1785 1149 2016 1213 scriptor,
2043 1146 2130 1195 ubi
2157 1148 2293 1195 initia
2317 1147 2431 1195 belli

347 1236 539 1286 socialis
570 1237 633 1286 ab
664 1236 875 1286 Achaeis
906 1245 956 1286 et
984 1236 1339 1286 Macedonibus
1370 1238 1615 1304 sociisque
1644 1236 1875 1284 adversus
1897 1235 2097 1286 Aetolos
2123 1246 2172 1285 et
2194 1237 2434 1287 Lacedae·

346 1330 541 1378 monios
558 1329 685 1395 gesti
710 1326 942 1395 explicat,
979 1325 1344 1394 legationesque
1373 1327 1434 1375 ab
1463 1325 1680 1376 Achaico
1705 1326 1920 1377 concilio
1945 1329 2116 1377 missae
2140 1346 2244 1395 quo
2266 1330 2435 1378 animo

346 1439 373 1466 a
398 1436 604 1485 quoque
627 1416 818 1486 populo
842 1426 1069 1486 acceptae
1092 1418 1190 1467 sint
1210 1417 1381 1475 refert,
1409 1417 1700 1475 Messenios,
1732 1435 1954 1485 quorum
1976 1435 2121 1469 causa
2145 1417 2335 1469 bellum
2359 1420 2435 1467 in·

348 1520 551 1579 ceptum
584 1519 683 1568 est,
720 1508 888 1576 prodit
911 1508 984 1574 (¹)
1014 1508 1334 1576 optimatibus
1367 1508 1665 1575 quibusdam
1698 1507 1986 1559 auctoribus
2019 1527 2217 1577 negasse
2248 1508 2437 1559 bellum

348 1619 451 1651 sese
483 1611 827 1671 suscepturos,
867 1602 1159 1671 priusquam
1193 1599 1410 1667 Phigalia
1446 1602 1547 1649 suis
1580 1602 1843 1650 imminens
1874 1599 2058 1651 finibus
2091 1611 2216 1651 esset
2248 1600 2437 1651 Aetolis

348 1702 534 1761 erepta.
587 1692 739 1756 Quod
773 1709 1071 1760 magnopere
1100 1694 1386 1760 vituperans
1409 1691 1667 1760 Polybius,
1705 1689 1895 1739 bellum
1918 1692 2102 1740 iudicat
2123 1691 2436 1742 formidabile

346 1783 551 1850 quidem
574 1799 695 1839 esse,
733 1799 838 1831 non
862 1790 1026 1832 tamen
1049 1799 1210 1849 usque
1233 1799 1312 1839 eo,
1351 1791 1409 1839 ut
1435 1781 1541 1831 eius
1566 1781 1811 1831 devitandi
1835 1799 1981 1832 causa
2003 1783 2200 1849 quidvis
2221 1782 2434 1833 toleran-

348 1873 469 1922 dum
502 1875 587 1932 sit;
626 1872 749 1940 quid
776 1880 849 1921 est
879 1873 1031 1929 enim,
1068 1874 1153 1931 ait,
1190 1871 1330 1939 quod
1359 1888 1568 1940 aequam
1591 1871 1784 1927 dicendi
1808 1871 2094 1921 facultatem
2117 1882 2167 1922 et
2188 1872 2436 1923 licentiam

349 1964 586 2030 loquendi
618 1973 668 2013 et
697 1962 937 2013 libertatis
959 1979 1143 2012 nomen
1173 1964 1409 2013 iactamus
1433 1980 1621 2033 omnes,
1660 1964 1699 2012 si
1724 1961 1851 2011 nihil
1874 1962 2047 2013 utilius
2070 1964 2223 2032 pace?
2261 1965 2438 2032 Neque

348 2057 480 2104 enim
505 2053 793 2110 Thebanos,
830 2053 1014 2119 inquit,
1051 2051 1308 2102 laudamus
1340 2054 1392 2100 in
1426 2052 1652 2109 Medicis,
1690 2053 1826 2120 quod
1860 2072 1888 2101 a
1923 2055 2274 2104 communibus
2307 2057 2437 2123 peri·

349 2143 477 2195 culis
505 2163 599 2213 pro
622 2144 833 2194 Graecia
863 2142 1134 2193 subeundis
1164 2143 1384 2211 digressi,
1422 2150 1561 2192 metu
1589 2153 1902 2195 accesserunt
1931 2146 2108 2202 Persis,
2146 2163 2238 2195 nec
2263 2147 2437 2195 Pinda-

349 2254 482 2295 rum,
520 2237 608 2308 qui
634 2235 919 2285 servandam
942 2235 1162 2302 quietem
1184 2234 1513 2304 popularibus
1538 2235 1900 2284 commendavit
1923 2236 2145 2286 versibus
2169 2236 2269 2286 his:

821 2365 881 2418 Τὸ
907 2363 1039 2417 κοινόν
1062 2388 1126 2419 τις
1146 2370 1292 2418 ἀστῶν
1316 2372 1358 2420 ἐν
1378 2365 1495 2430 εὐδίᾳ
1514 2366 1654 2419 τιθείς

820 2455 1088 2530 ἓξευνασοῖτω
1112 2454 1635 2531 μεγαλάνωροςἈσ-υχῖας
1658 2456 1708 2508 τὸ
1732 2457 1906 2532 φαιδρὸν
1932 2458 2056 2523 φάες,

822 2544 982 2597 στάσιν
1006 2546 1092 2598 ἀπὸ
1117 2547 1325 2621 πραπίδες
1346 2546 1541 2599 ἔπε’κοτον
1564 2544 1745 2603 ἀνελών,

821 2638 966 2691 πενίας
989 2635 1194 2712 δότειξαν,
1223 2635 1403 2713 ἐχθρὰν
1430 2635 1735 2711 κουροτρόφον,
1761 2641 1834 2708 (²)

352 2783 698 2848 Rempublicam
720 2784 916 2848 quisque
937 2783 1103 2834 civium
1131 2783 1180 2830 in
1209 2798 1373 2829 sereno
1393 2780 1622 2828 collocans
1644 2781 1866 2848 exquirat
1886 2780 2158 2846 magnificae
2184 2780 2439 2848 Tranquil-

353 2874 491 2919 litatis
523 2871 671 2919 hilare
700 2874 851 2935 iubar,
889 2871 1157 2919 seditionem
1188 2873 1403 2938 infestam
1428 2872 1630 2918 evellens
1654 2871 1954 2936 praecordiis,
1992 2873 2206 2936 egestatis
2236 2871 2439 2935 effectri-

352 2980 471 3025 cem,
510 2963 737 3009 inimzbam
768 2964 1019 3013 iuventutis
1046 2964 1288 3012 numi-em.
1338 2960 1491 3024 Quod
1518 2958 1784 3009 consilium
1806 2978 1968 3028 quum
1990 2961 2044 3008 in
2066 2978 2293 3029 praesens
2317 2970 2442 3010 esset

465 3175 520 3228 (¹)
550 3176 699 3224 1V,31.
757 3174 812 3228 (²)
841 3176 927 3215 Vss.
938 3176 976 3216 3.
991 3174 1029 3216 4.
1057 3188 1158 3230 quos
1181 3174 1376 3231 Polybius
1397 3173 1567 3223 omittit,
1594 3188 1644 3215 ex
1665 3174 1838 3215 stobaeo
1861 3173 1990 3215 additi
2012 3183 2122 3214 sunt.
2152 3174 2258 3215 Vide
2284 3176 2441 3229 Fragm.

355 3239 473 3301 Pind.
494 3241 646 3296 p.669.
673 3251 800 3283 nostr.
817 3241 882 3283 ed.

1968 3311 2036 3348 A2
