3133 4076
1707 292 1735 331 0

673 418 937 487 tranquilla
960 419 1158 469 civitate
1179 420 1382 488 optimis
1413 420 1652 493 institutis
1682 434 1731 469 et
1754 419 1992 489 doctrinis
2016 435 2291 487 puerorum
2315 433 2364 468 et
2387 416 2773 468 adolescentium

669 493 963 561 erudiantur
994 510 1148 558 animi
1181 523 1233 561 et
1264 510 1515 579 fingantur
1548 526 1730 569 mores,
1768 511 1941 560 seditio
1975 524 2033 558 ut
2064 525 2249 560 ceteras
2283 512 2492 560 civitatis
2522 508 2670 577 leges,
2709 511 2773 557 ita

670 599 901 652 iuvenilis
933 600 1226 670 disciplinae
1258 600 1457 652 vincula
1488 600 1617 650 laxat
1649 615 1698 650 et
1721 599 1884 658 solvit,
1923 607 2074 669 atque
2095 601 2185 650 ubi
2208 600 2396 650 diutius
2419 600 2675 670 perdurat,
2713 601 2775 649 ad

667 693 915 743 feritatem
938 695 1108 762 potius
1132 710 1284 762 quam
1304 693 1362 742 ad
1388 693 1745 741 humanitatem
1768 692 1970 749 format,
2009 691 2389 750 immodestiam,
2426 698 2771 760 arrogantiam,

668 784 957 853 superbiam
983 784 1086 844 alit,
1116 786 1348 854 pietatem
1377 797 1425 832 et
1452 781 1744 852 religionem
1772 787 1981 843 minuit3
2020 785 2327 852 promptiora
2357 791 2407 832 et
2434 782 2671 833 validiora
2699 786 2774 834 in·

669 877 813 943 genia
839 895 867 924 a
893 877 1106 925 strenuis
1132 874 1413 926 litterarum
1442 891 1491 926 et
1517 877 1698 925 artium
1727 877 1902 927 studiis
1929 891 2101 926 avocat
2126 874 2259 925 haud
2285 874 2453 932 dubie,
2491 893 2641 944 prava
2672 893 2773 933 anr-

667 967 876 1024 bitione,
915 968 1112 1025 astutia,
1151 966 1375 1026 audacia,
1413 967 1630 1034 denique
1661 970 1835 1017 ceteris
1862 968 2125 1017 hominum
2152 967 2555 1017 turbulentorum
2582 966 2774 1035 cupidi-

668 1058 850 1107 tatibus
886 1071 937 1108 et
961 1060 1093 1109 vitiis
1128 1059 1391 1127 quibusvis
1425 1059 1633 1118 imbuit3
1679 1060 1783 1128 ipsa
1815 1061 1986 1116 etiam,
2031 1077 2184 1126 quam
2211 1058 2381 1117 affert,
2418 1058 2585 1126 inopia
2613 1071 2661 1107 et
2687 1076 2772 1126 pa-

667 1163 834 1199 ientes
866 1148 1065 1200 fraudat
1099 1149 1438 1206 facultatibus,
1485 1151 1672 1219 quibus
1708 1168 1836 1219 opus
1871 1166 1960 1208 est,
2006 1166 2063 1199 ut
2096 1150 2281 1200 liberos
2315 1150 2491 1201 idonea
2525 1151 2775 1217 impertire

669 1240 966 1291 educatione
993 1243 1202 1309 possint,
1241 1256 1290 1290 et
1317 1241 1678 1312 rempublicam
1704 1244 1763 1291 iis
1790 1244 1952 1310 privat
1977 1244 2149 1310 copiis,
2186 1259 2311 1309 quas
2339 1243 2392 1290 in
2416 1243 2599 1290 artium
2623 1256 2672 1290 et
2695 1240 2773 1290 lit‘-

670 1346 889 1379 terarum
915 1329 1114 1380 cultum
1144 1347 1330 1399 eroget.
1370 1332 1555 1381 Merito
1582 1333 1735 1398 igitur
1758 1332 1999 1381 Pindarus
2028 1334 2235 1382 invisam
2258 1333 2528 1403 iuventutis
2553 1331 2774 1381 altricem

667 1418 882 1488 appellat
907 1419 1218 1471 seditionem.
1263 1422 1385 1484 Quo
1412 1420 1659 1489 exemplo,
1699 1422 1836 1489 quod
1866 1421 1973 1471 aliis
2000 1440 2153 1489 quam
2178 1423 2409 1491 plurimis
2432 1421 2691 1471 cumulare
2714 1421 2773 1470 li·

670 1526 775 1570 cet,
813 1513 893 1561 isti
920 1510 1161 1581 lucifugi,
1198 1517 1287 1581 qui
1315 1527 1543 1563 veterum
1570 1512 1882 1562 Graecorum
1915 1512 2227 1581 disciplinam
2257 1528 2315 1562 ut
2340 1515 2508 1583 pietati
2539 1515 2602 1561 ita
2633 1513 2774 1563 obse·

670 1604 794 1671 quio
830 1604 1191 1672 imperantibus
1220 1605 1386 1653 debito
1415 1607 1613 1654 officere
1641 1603 1924 1673 perbibent,
1964 1619 2202 1674 poterunt
2228 1605 2434 1662 discere,
2473 1622 2626 1673 quam
2654 1622 2773 1655 con-

674 1693 863 1744 sultum
904 1694 1054 1744 rebus
1085 1698 1266 1744 nostris
1301 1695 1456 1752 foret,
1502 1698 1542 1744 si
1581 1694 1831 1763 quidquid
1866 1695 2234 1764 praeclarorum
2264 1708 2646 1764 praeceptorum
2681 1712 2772 1747 no-

672 1785 749 1835 bis
777 1784 978 1834 tradidit
1003 1787 1289 1854 antiquitas,
1330 1805 1432 1835 non
1458 1786 1624 1836 solum
1650 1795 1876 1836 tenerent
1901 1788 2056 1836 nostri
2089 1786 2172 1836 sed
2201 1789 2347 1836 etiam
2375 1800 2718 1854 sequerentur.

824 1874 936 1925 Scr.
958 1874 1178 1926 Berolini
1201 1877 1258 1926 .d.
1274 1895 1328 1925 11.
1351 1895 1418 1927 m.
1434 1878 1632 1926 Ianuar.
1656 1895 1701 1926 a.
1716 1894 2015 1927 mcccxxxt.

1520 2277 1834 2305 *ΑΧΧΧΧΧΧΥ
1839 2278 1890 2300 D·-
1893 2286 1912 2292 κ
1921 2287 1923 2289 ·
